Required fields: author/editor, title, year/date, doi/eprint/url
Optional fields: subtitle, titleaddon, language, version, note,
organization, month, addendum, pubstate, eprintclass,
eprinttype, urldate

@online{khronos,
    title = {OpenGL - The Industry’s Foundation for High Performance Graphics},
    url={https://www.khronos.org/opengl/},
    urldate = {2024-01-04},
    year = {2011},
    language = {english},
    organization = {The Khronos Group}
}

@online{learnopengl,
    title = {LearnOpenGL - OpenGL},
    url = {https://learnopengl.com/Getting-started/OpenGL},
    author = {J. de Vries},
    urldate = {2024-01-04},
    language = {english},
    organization = {learnopengl.com}
}

@online{learnopengl-triangle,
    title = {LearnOpenGL - Hello Triangle},
    url = {https://learnopengl.com/Getting-started/Hello-Triangle},
    author = {J. de Vries},
    urldate = {2024-01-04},
    language = {english},
    organization = {learnopengl.com}
}

@online{learnopengl-tessellation,
    title = {LearnOpenGL - Tessellation},
    url = {https://learnopengl.com/Guest-Articles/2021/Tessellation/Tessellation},
    author = {Dr. Jeffrey Paone},
    urldate = {2024-01-21},
    language = {english},
    organization = {learnopengl.com},
    year = {2021}
}

@online{learnopengl-geometry,
    title = {LearnOpenGL - Geometry Shader},
    url = {https://learnopengl.com/Advanced-OpenGL/Geometry-Shader},
    author = {J. de Vries},
    urldate = {2024-01-22},
    language = {english},
    organization = {learnopengl.com}
}

@online{learnopengl-coord-systems,
    title = {LearnOpenGL - Coordinate Systems},
    url = {https://learnopengl.com/Getting-started/Coordinate-Systems},
    author = {J. de Vries},
    urldate = {2024-05-02},
    language = {english},
    organization = {learnopengl.com}
}

@online{learnopengl-deferred,
    title = {LearnOpenGL - Deferred Shading},
    url = {https://learnopengl.com/Advanced-Lighting/Deferred-Shading},
    author = {J. de Vries},
    urldate = {2024-05-10},
    language = {english},
    organization = {learnopengl.com}
}

@online{learnopengl-lighting,
    title = {LearnOpenGL - Basic Lighting},
    url = {https://learnopengl.com/Lighting/Basic-Lighting},
    author = {J. de Vries},
    urldate = {2024-05-19},
    language = {english},
    organization = {learnopengl.com}
}

@online{learnopengl-pbr,
    title = {LearnOpenGL - Theory},
    url = {https://learnopengl.com/PBR/Theory},
    author = {J. de Vries},
    urldate = {2024-05-19},
    language = {english},
    organization = {learnopengl.com}
}

@online{openglwiki-context,
    title = {OpenGL Context - OpenGL Wiki},
    url = {https://www.khronos.org/opengl/wiki/OpenGL_Context},
    urldate = {2024-01-05},
    language = {english},
    organization = {The Khronos Group}
}

@online{openglwiki-statemachine,
    title = {Portal:OpenGL Concepts/State - OpenGL Wiki},
    url = {https://www.khronos.org/opengl/wiki/Portal:OpenGL_Concepts/State},
    urldate = {2024-01-05},
    language = {english},
    organization = {The Khronos Group}
}

@online{openglwiki-shader,
    title = {Shader - OpenGL Wiki},
    url = {https://www.khronos.org/opengl/wiki/Shader},
    urldate = {2024-01-05},
    language = {english},
    organization = {The Khronos Group}
}

@online{openglwiki-glsl,
    title = {OpenGL Shading Language - OpenGL Wiki},
    url = {https://www.khronos.org/opengl/wiki/OpenGL_Shading_Language},
    urldate = {2024-01-05},
    language = {english},
    organization = {The Khronos Group}
}

@online{openglwiki-vertex-shader,
    title = {Vertex Shader - OpenGL Wiki},
    url = {https://www.khronos.org/opengl/wiki/Vertex_Shader},
    urldate = {2024-01-05},
    language = {english},
    organization = {The Khronos Group}
}

@online{openglwiki-uniform,
    title = {Uniform (GLSL) - OpenGL Wiki},
    url = {https://www.khronos.org/opengl/wiki/Uniform_(GLSL)},
    urldate = {2024-01-05},
    language = {english},
    organization = {The Khronos Group}
}

@online{openglwiki-vertex-processing,
    title = {Vertex Processing - OpenGL Wiki},
    url = {https://www.khronos.org/opengl/wiki/Vertex_Processing},
    urldate = {2024-01-05},
    language = {english},
    organization = {The Khronos Group}
}

@online{openglwiki-tessellation,
    title = {Tessellation - OpenGL Wiki},
    url = {https://www.khronos.org/opengl/wiki/Tessellation},
    urldate = {2024-01-21},
    language = {english},
    organization = {The Khronos Group}
}

@online{openglwiki-tcs,
    title = {Tessellation Control Shader - OpenGL Wiki},
    url = {https://www.khronos.org/opengl/wiki/Tessellation_Control_Shader},
    urldate = {2024-01-21},
    language = {english},
    organization = {The Khronos Group}
}

@online{openglwiki-tes,
    title = {Tessellation Evaluation Shader - OpenGL Wiki},
    url = {https://www.khronos.org/opengl/wiki/Tessellation_Control_Shader},
    urldate = {2024-01-21},
    language = {english},
    organization = {The Khronos Group}
}

@online{openglwiki-geometry,
    title = {Geometry Shader - OpenGL Wiki},
    url = {https://www.khronos.org/opengl/wiki/Geometry_Shader},
    urldate = {2024-01-22},
    language = {english},
    organization = {The Khronos Group}
}

@online{openglwiki-rendering-pipeline,
    title = {Rendering Pipeline Overview - OpenGL Wiki},
    url = {https://www.khronos.org/opengl/wiki/Rendering_Pipeline_Overview},
    urldate = {2024-05-06},
    language = {english},
    organization = {The Khronos Group}
}

@online{openglwiki-vertex-post-processing,
    title = {Vertex Post-Processing - OpenGL Wiki},
    url = {https://www.khronos.org/opengl/wiki/Vertex_Post-Processing},
    urldate = {2024-05-01},
    language = {english},
    organization = {The Khronos Group}
}

@online{openglwiki-transform-feedback,
    title = {Transform Feedback - OpenGL Wiki},
    url = {https://www.khronos.org/opengl/wiki/Transform_Feedback},
    urldate = {2024-05-01},
    language = {english},
    organization = {The Khronos Group}
}

@online{openglwiki-primitive-assembly,
    title = {Primitive Assembly - OpenGL Wiki},
    url = {https://www.khronos.org/opengl/wiki/Primitive_Assembly},
    urldate = {2024-05-02},
    language = {english},
    organization = {The Khronos Group}
}

@online{openglwiki-face-culling,
    title = {Face Culling - OpenGL Wiki},
    url = {https://www.khronos.org/opengl/wiki/Face_Culling},
    urldate = {2024-05-04},
    language = {english},
    organization = {The Khronos Group}
}

@online{openglwiki-interpolation,
    title = {Type Qualifier (GLSL) - OpenGL Wiki},
    url = {https://www.khronos.org/opengl/wiki/Type_Qualifier_(GLSL)#Interpolation_qualifiers},
    urldate = {2024-05-04},
    language = {english},
    organization = {The Khronos Group}
}

@online{openglwiki-fragment,
    title = {Fragment - OpenGL Wiki},
    url = {https://www.khronos.org/opengl/wiki/Fragment},
    urldate = {2024-05-04},
    language = {english},
    organization = {The Khronos Group}
}

@online{openglwiki-fragment-shader,
    title = {Fragment Shader - OpenGL Wiki},
    url = {https://www.khronos.org/opengl/wiki/Fragment_Shader},
    urldate = {2024-05-04},
    language = {english},
    organization = {The Khronos Group}
}

@online{openglwiki-rbo,
    title = {Renderbuffer Object - OpenGL Wiki},
    url = {https://www.khronos.org/opengl/wiki/Renderbuffer_Object},
    urldate = {2024-05-10},
    language = {english},
    organization = {The Khronos Group}
}

@online{openglwiki-datatype,
    title = {Data Type (GLSL) - OpenGL Wiki},
    url = {https://www.khronos.org/opengl/wiki/Data_Type_(GLSL)#Constructors_and_initializers},
    urldate = {2024-05-12},
    language = {english},
    organization = {The Khronos Group}
}

@online{ogl-particle-system,
    title = {Tutorial 28 - Particle System using Transform Feedback},
    url = {https://ogldev.org/www/tutorial28/tutorial28.html},
    urldate = {2024-05-01},
    language = {english},
    author = {Etay Meiri}
}

@online{ue,
    title = {The most powerful real-time 3D creation tool - Unreal Engine},
    url = {https://www.unrealengine.com/en-US},
    urldate = {2024-04-27},
    language = {english},
    organization = {Epic Games}
}

@online{ue-materials,
    title = {Unreal Engine Materials},
    url = {https://dev.epicgames.com/documentation/en-us/unreal-engine/unreal-engine-materials?application_version=5.3},
    urldate = {2024-04-24},
    language = {english},
    organization = {Epic Games}
}

@online{ue-main-node,
    title = {Using the Main Material Node | Epic Developer Community},
    url = {https://dev.epicgames.com/documentation/en-us/unreal-engine/using-the-main-material-node-in-unreal-engine?application_version=5.3},
    urldate = {2024-04-27},
    language = {english},
    organization = {Epic Games}
}

@online{ue-material-inputs,
    title = {Material Inputs | Epic Developer Community},
    url = {https://dev.epicgames.com/documentation/en-us/unreal-engine/material-inputs-in-unreal-engine?application_version=5.3},
    urldate = {2024-04-27},
    language = {english},
    organization = {Epic Games}
}

@online{ue-expr-reference,
    title = {Material Expressions Reference | Epic Developer Community},
    url = {https://dev.epicgames.com/documentation/en-us/unreal-engine/unreal-engine-material-expressions-reference?application_version=5.3},
    urldate = {2024-04-27},
    language = {english},
    organization = {Epic Games}
}

@online{ue-pbr,
    title = {Physically Based Materials in Unreal Engine | Unreal Engine Documentation 5.3 | Epic Developer Community},
    url = {https://dev.epicgames.com/documentation/en-us/unreal-engine/physically-based-materials-in-unreal-engine?application_version=5.3},
    urldate = {2024-05-19},
    language = {english},
    organization = {Epic Games}
}

@online{ue-real-shading,
    title = {Real Shading in Unreal Engine 4},
    url = {https://de45xmedrsdbp.cloudfront.net/Resources/files/2013SiggraphPresentationsNotes-26915738.pdf},
    urldate = {2024-05-19},
    language = {english},
    author = {Brian Karis},
    organization = {Epic Games},
    year = {2013}
}

@online{material-system-hpp,
    url = {https://gitlab.fi.muni.cz/qtrtik/age_libraries/-/blob/xbabic/gfx/include/gfx/material_system.hpp?ref_type=heads},
    urldate = {2024-04-24},
    language = {english},
    author = {Petr Babič}
}

@online{unity-shader-graph,
    title = {About Shader Graph | Shader Graph | 17.0.3},
    url = {https://docs.unity3d.com/Packages/com.unity.shadergraph@17.0/manual/index.html},
    urldate = {2024-04-25},
    language = {english},
    organization = {Unity Technologies}
}

@online{unity-master-stack,
    title = {Master Stack | Shader Graph | 17.0.3},
    url = {https://docs.unity3d.com/Packages/com.unity.shadergraph@17.0/manual/Master-Stack.html},
    urldate = {2024-04-25},
    language = {english},
    organization = {Unity Technologies}
}

@online{unity-srp,
    title = {Unity - Manual: Scriptable Render Pipeline introduction},
    url = {https://docs.unity3d.com/2023.2/Documentation/Manual/scriptable-render-pipeline-introduction.html},
    urldate = {2024-04-26},
    language = {english},
    year = {2024},
    organization = {Unity Technologies}
}

@online{unity-urp,
    title = {Unity - Manual: Using the Universal Render Pipeline},
    url = {https://docs.unity3d.com/2023.2/Documentation/Manual/universal-render-pipeline.html},
    urldate = {2024-04-26},
    language = {english},
    year = {2024},
    organization = {Unity Technologies}
}

@online{unity-hdrp,
    title = {Unity - Manual: Using the High Definition Render Pipeline},
    url = {https://docs.unity3d.com/2023.2/Documentation/Manual/high-definition-render-pipeline.html},
    urldate = {2024-04-26},
    language = {english},
    year = {2024},
    organization = {Unity Technologies}
}

@online{unity-graph-settings,
    title = {Graph Settings Tab | Shader Graph | 17.0.3},
    url = {https://docs.unity3d.com/Packages/com.unity.shadergraph@17.0/manual/Graph-Settings-Tab.html},
    urldate = {2024-04-26},
    language = {english},
    organization = {Unity Technologies}
}

@online{unity-node-library,
    title = {Node Library | Shader Graph | 17.0.3},
    url = {https://docs.unity3d.com/Packages/com.unity.shadergraph@17.0/manual/Node-Library.html},
    urldate = {2024-04-26},
    language = {english},
    organization = {Unity Technologies}
}

@online{unity-input-nodes,
    title = {Input Nodes | Shader Graph | 17.0.3},
    url = {https://docs.unity3d.com/Packages/com.unity.shadergraph@17.0/manual/Input-Nodes.html},
    urldate = {2024-04-26},
    language = {english},
    organization = {Unity Technologies}
}

@online{unity-metallic-specular,
    title = {Unity - Manual: Metallic vs. specular workflow},
    url = {https://docs.unity3d.com/2023.2/Documentation/Manual/StandardShaderMetallicVsSpecular.html},
    urldate = {2024-04-26},
    language = {english},
    organization = {Unity Technologies}
}

@online{godot-visual-shaders,
    title = {Using VisualShaders -- Godot Engine (stable) documentation in English},
    url = {https://docs.godotengine.org/en/stable/tutorials/shaders/visual_shaders.html#doc-visual-shaders},
    urldate = {2024-04-25},
    language = {english},
    author = {Juan Linietsky AND Ariel Manzur AND the Godot community}
}

@online{godot-shaders-intro,
    title = {Introduction to shaders -- Godot Engine (stable) documentation in English},
    url = {https://docs.godotengine.org/en/stable/tutorials/shaders/introduction_to_shaders.html#},
    urldate = {2024-04-28},
    language = {english},
    author = {Juan Linietsky AND Ariel Manzur AND the Godot community}
}

@online{godot-spatial-shaders,
    title = {Spatial Shaders -- Godot Engine (stable) documentation in English},
    url = {https://docs.godotengine.org/en/stable/tutorials/shaders/shader_reference/spatial_shader.html#},
    urldate = {2024-04-28},
    language = {english},
    author = {Juan Linietsky AND Ariel Manzur AND the Godot community}
}

@online{slashdata-game-engines,
    title = {Did you know that 60\% of game developers use game engines?},
    url = {https://www.slashdata.co/post/did-you-know-that-60-of-game-developers-use-game-engines},
    urldate = {2024-04-26},
    year = {2023},
    language = {english},
    organization = {Unity Technologies}
}

@book{opengl-book,
    author = {Dave Shreiner},
    title = {OpenGL Programming Guide: The Official Guide to Learning OpenGL, Versions 3.0 and 3.1},
    publisher = {Pearson Education, Inc.},
    year = {2010},
}

@online{tizen-face-culling,
    title = {Primitive Assembly and Rasterization | Tizen Docs},
    url = {https://docs.tizen.org/application/native/guides/graphics/assembly/},
    urldate = {2024-05-04},
    language = {english},
    organization = {Tizen Project}
}

@book{opengl-superbible,
    author = {Graham Sellers AND Richard S. Wright Jr. AND Nicholas Haemel},
    title = {OpenGL SuperBible: Comprehensive Tutorial and Reference},
    publisher = {Addison-Wesley},
    year = {2013}
}

@book{opengl-spec,
    author = {Mark Segal AND Kurt Akeley},
    title = {The OpenGL® Graphics System: A Specification},
    year = {2022}
}

@online{age-app-template-readme,
    author = {Marek Trtík},
    url = {https://gitlab.fi.muni.cz/qtrtik/age_app_template/-/blob/main/README.md?ref_type=heads},
    urldate = {2024-05-07},
}

@online{glad,
    author = {David Herberth},
    url = {https://github.com/Dav1dde/glad/wiki/C#contents},
    urldate = {2024-05-07},
}

@online{sdl,
    url = {https://wiki.libsdl.org/SDL2/Introduction},
    urldate = {2024-05-07},
    organization = {SDL Community}
}

@online{singleton,
    url = {https://www.digitalocean.com/community/tutorials/java-singleton-design-pattern-best-practices-examples},
    urldate = {2024-05-07},
    author = {Pankaj AND Bradley Kouchi},
    year = {2022},
    organization = {DigitalOcean}
}

@online{alpha-sorting,
    url = {https://www.sjbaker.org/steve/omniv/alpha_sorting.html},
    urldate = {2024-05-10},
    author = {Steve Baker},
}

@article{phong,
    author = {Phong, Bui Tuong},
    title = {Illumination for computer generated pictures},
    year = {1975},
    issue_date = {June 1975},
    publisher = {Association for Computing Machinery},
    address = {New York, NY, USA},
    volume = {18},
    number = {6},
    issn = {0001-0782},
    url = {https://doi.org/10.1145/360825.360839},
    doi = {10.1145/360825.360839},
    abstract = {The quality of computer generated images of three-dimensional scenes depends on the shading technique used to paint the objects on the cathode-ray tube screen. The shading algorithm itself depends in part on the method for modeling the object, which also determines the hidden surface algorithm. The various methods of object modeling, shading, and hidden surface removal are thus strongly interconnected. Several shading techniques corresponding to different methods of object modeling and the related hidden surface algorithms are presented here. Human visual perception and the fundamental laws of optics are considered in the development of a shading rule that provides better quality and increased realism in generated images.},
    journal = {Commun. ACM},
    month = {jun},
    pages = {311–317},
    numpages = {7},
    keywords = {shading, hidden surface removal, graphic display, computer graphics}
}

@online{pbr-book-microfacet,
    url = {https://www.pbr-book.org/3ed-2018/Reflection_Models/Microfacet_Models},
    author = {Matt Pharr AND Wenzel Jakob AND Greg Humphreys},
    year = {2016},
    title = {Microfacet Models}
}
